/* meio fora da nossa al√ßada mas muito interessante */
/* @inproceedings{overeinder1993application, */
/*   title={Application of Time Warp to parallel simulations with asynchronous cellular automata}, */
/*   author={Overeinder, Benno J and Sloot, Peter MA and others}, */
/*   booktitle={Proceedings of the 1993 European Simulation Symposium}, */
/*   pages={397--402}, */
/*   year={1993} */
/* } */

@article{nehanivevolution,
  title={Evolution in Asynchronous Cellular Automata},
  author={Nehaniv, Chrystopher L}
}

@article{wolfram1983statistical,
  title={Statistical mechanics of cellular automata},
  author={Wolfram, Stephen},
  journal={Reviews of modern physics},
  volume={55},
  number={3},
  pages={601},
  year={1983},
  publisher={APS}
}

@article{wolfram1985twenty,
  title={Twenty problems in the theory of cellular automata},
  author={Wolfram, Stephen},
  journal={Physica Scripta},
  volume={1985},
  number={T9},
  pages={170},
  year={1985},
  publisher={IOP Publishing}
}

/* nao achei o pdf mas parece muito util: */
/* @article{schonfisch1999synchronous, */
/*   title={Synchronous and asynchronous updating in cellular automata}, */
/*   author={Sch{\"o}nfisch, Birgitt and de Roos, Andr{\'e}}, */
/*   journal={BioSystems}, */
/*   volume={51}, */
/*   number={3}, */
/*   pages={123--143}, */
/*   year={1999}, */
/*   publisher={Elsevier} */
/* } */

@article{pivato2002conservation,
  title={Conservation laws in cellular automata},
  author={Pivato, Marcus},
  journal={Nonlinearity},
  volume={15},
  number={6},
  pages={1781},
  year={2002},
  publisher={IOP Publishing}
}
